@book{bourdieu,
  title     = "A Economia das Trocas Simbólicas",
  author    = "Bourdieu, Pierre",
  year      = 2007,
  address   = "São Paulo",
  publisher = "Perspectiva",
  edition   = 6
}

@book{herscovici,
  title     = "Economia da Cultura e da Comunicação",
  address    = "Vitória",
  author    = "Herscovici, Alain Pierre Claude Henry",
  year      = 1995,
  publisher = "Fundação Ceciliano Abel de Almeida",
  edition   = 1
}