@book{bourdieu,
  title     = "A Economia das Trocas Simbólicas",
  author    = "Bourdieu, Pierre",
  year      = 2015,
  address   = "São Paulo",
  publisher = "Perspectiva",
  edition   = 8
}

@book{herscovici,
  title     = "Economia da Cultura e da Comunicação",
  address    = "Vitória",
  author    = "Herscovici, Alain Pierre Claude Henry",
  year      = 1995,
  publisher = "Fundação Ceciliano Abel de Almeida",
  edition   = 1
}

@book{marx,
  title     = "O Capital: Crítica da Economia Política",
  volume    = 1,
  address   = "Rio de Janeiro",
  author    = "Marx, Karl",
  year      = 2006,
  publisher = "Civilização Brasileira",
  edition   = 24
}

@book{jevons,
  title     = "A Teoria da Economia Política",
  address   = "São Paulo",
  author    = "Jevons, William Stanley",
  year      = 1983,
  publisher = "Abril Cultural"
}

@book{menger,
  title     = "Princípios de Economia Política",
  address   = "São Paulo",
  author    = "Menger, Carl",
  year      = 1983,
  publisher = "Abril Cultural"
}

@techreport{commons,
  title       = "Economics of Music Streaming",
  month       = 07,
  year        = 2021,
  author      = {{House of Commons, Digital, Culture, Media And Sport Committee}}
}

@misc{bbc,
  author        = {{BBC News UK}},
  title         = {Warning letters to 'file-sharers'},
  year          = 2008,
  howpublished  = {\url{http://news.bbc.co.uk/2/hi/technology/7486743.stm}},
  note          = {Acessado em 01/06/2022.}
}

@misc{g1,
  author        = {{G1}},
  title         = {Usuários de serviços de streaming no Brasil baixam menos músicas piratas},
  year          = 2015,
  howpublished  = {\url{https://g1.globo.com/tecnologia/noticia/2015/01/usuarios-de-servicos-de-streaming-no-brasil-baixam-menos-musicas-piratas.html}},
  note          = {Acessado em 01/06/2022.}
}

@thesis{frick,
  author    = "Sarah Frick",
  title     = "Pirate \& Chill: The Effect of Netflix on Illegal Streaming",
  school    = "Miami University",
  year      = 2020,
  type      = "Bachelor's Thesis",
  note      = {\url{https://www.fsb.miamioh.edu/lij14/Thesis_FrickSarah.pdf}}
}

@mastersthesis{welter,
  author       = {Brennan Scott Welter}, 
  title        = {The Netflix Effect: Product Availability and Piracy in the Film Industry},
  school       = {University of Georgia},
  year         = 2012,
  address      = {Athens, Georgia, US},
  month        = 12,
  note         = {\url{https://getd.libs.uga.edu/pdfs/welter_brennan_s_201212_ma.pdf}}
}

@misc{statista,
  author        = {{statista.com}},
  title         = {Distribution of computer and video game sales in the United States from 2009 to 2018, by delivery format},
  month         = 5,
  year          = 2019,
  howpublished  = {\url{https://www.statista.com/statistics/190225/digital-and-physical-game-sales-in-the-us-since-2009/}},
  note          = {Acessado em 01/06/2022.}
}

@misc{numbers,
  author        = {{the-numbers.com}},
  title         = {Domestic Movie Theatrical Market Summary 1995 to 2022},
  year          = 2022,
  howpublished  = {\url{https://www.the-numbers.com/market/}},
  note          = {Acessado em 01/06/2022.}
}

@misc{experimentalhistory,
  author        = {Adam Mastroianni},
  title         = {Pop Culture Has Become an Oligopoly},
  year          = 2022,
  month         = 5,
  howpublished  = {\url{https://experimentalhistory.substack.com/p/pop-culture-has-become-an-oligopoly?s=r}},
  note          = {Acessado em 02/06/2022.}
}

@inproceedings{excedente,
  author    = "Harald Edquist and Peter Goodrige and Jonathan Haskel",
  title     = "The Economic Impact of Streaming Beyond GDP",
  booktitle = "ITS Online Event",
  year      = 2020,
  month     = 6,
  publisher = "International Telecommunications Society (ITS)",
  address   = "Calgary"
}

@misc{shevenock,
  author        = {Sarah Shevenock},
  title         = {Is Superhero Fatigue Real?},
  year          = 2021,
  month         = 12,
  howpublished  = {\url{https://morningconsult.com/2021/12/06/marvel-superhero-film-fatigue/}},
  note          = {Acessado em 05/06/2022.}
}

@article{hesmondhalgh,
  author        = {David Hesmondhalgh},
  title         = {Bourdieu, the Media and Cultural Production},
  year          = 2006,
  month         = 3,
  journal       = {Media, Culture & Society},
  pages         = {211-231}
}
